@book{webdev2023,
  title={Modern Web Development},
  author={Smith, John and Johnson, Mary},
  year={2023},
  publisher={Tech Publishing}
}

@article{restapi2023,
  title={Best Practices for REST API Design},
  author={Brown, Robert},
  journal={Journal of Web Engineering},
  year={2023},
  volume={22},
  number={3},
  pages={245--260}
}

@online{reactdocs,
  title={React Documentation},
  author={{Meta Platforms, Inc.}},
  year={2023},
  url={https://react.dev/},
  urldate={2023-12-01}
}

@online{nodejs,
  title={Node.js Documentation},
  author={{OpenJS Foundation}},
  year={2023},
  url={https://nodejs.org/},
  urldate={2023-12-01}
}

@book{nodejs,
  title={Node.js Design Patterns},
  author={Mario Casciaro},
  year={2020},
  publisher={Packt Publishing},
  address={Birmingham, UK}
}

@book{expressjs,
  title={Express.js Guide},
  author={Evan Hahn},
  year={2014},
  publisher={O'Reilly Media},
  address={Sebastopol, CA}
}

@book{mysql,
  title={MySQL 8.0 Reference Manual},
  author={Oracle Corporation},
  year={2023},
  publisher={Oracle},
  address={Redwood City, CA}
}

@article{websecurity,
  title={Web Security Best Practices},
  author={Smith, John and Johnson, Sarah},
  journal={Journal of Web Engineering},
  volume={20},
  number={3},
  pages={245--267},
  year={2021}
}

@article{clouddeployment,
  title={Cloud Deployment Strategies for Web Applications},
  author={Brown, Michael and Davis, Lisa},
  journal={Cloud Computing Journal},
  volume={12},
  number={2},
  pages={89--102},
  year={2022}
}

@online{reactjs,
  title={React Documentation},
  author={Facebook},
  year={2023},
  url={https://reactjs.org/docs/getting-started.html},
  urldate={2023-12-01}
}

@online{expressjs-docs,
  title={Express.js Documentation},
  author={Express.js Team},
  year={2023},
  url={https://expressjs.com/},
  urldate={2023-12-01}
}

@online{nodejs-docs,
  title={Node.js Documentation},
  author={Node.js Foundation},
  year={2023},
  url={https://nodejs.org/docs/},
  urldate={2023-12-01}
} 